@misc{iven,
    author    = {IvenSense},
    title     = {9-Axis MotionTracking},
    month = feb,
    year = {2017},
    howpublished={\url{https://www.invensense.com/products/motion-tracking/9-axis/}}
}
@misc{par,
    author    = {Parallax},
    title     = {Altimeter Module MS5607},
    month = feb,
    year = {2017},
    howpublished={\url{https://www.parallax.com/product/29124}}
}

@misc{cpi,
    author    = {Control Products Inc},
    title     = {B5112 Normally Closed Pushbutton Switch},
    month = feb,
    year = {2017},
    howpublished={\url{https://www.cpi-nj.com/products/waterproof-switches/momentary-switches/b5112-normally-closed-pushbutton-switch/}}
}

@misc{ajson,
	author = {B Blanchon},
    title = {ArduinoJson - C++ JSON library for IoT},
    month = feb,
    year = {2017},
    howpublished={\url{https://github.com/bblanchon/ArduinoJson}}
}

@misc{crc-cal,
	author = {Lammert Bies},
    title = {On-line CRC calculation and free library},
    month = feb,
    year = {2017},
    howpublished={\url{https://www.lammertbies.nl/comm/info/crc-calculation.html}}
}

@misc{crc-lib,
	author = {Lammert Bies},
    title = {Libcrc - Multi platform MIT licensed CRC library in C},
    month = feb,
    year = {2017},
    howpublished={\url{https://github.com/lammertb/libcrc}}
}

@misc{cpu,
	author = {Microchip Atmel},
    title = {SAM D MCUs},
    month = feb,
    year = {2017},
    howpublished={\url{http://www.atmel.com/devices/ATSAMD21G18.aspx}}
}

@misc{findchips,
	author = {Find Chips},
    title = {FindChips Electronic Components Search Engine},
    month = feb,
    year = {2017},
    howpublished={\url{http://www.findchips.com/}}
}

@misc{uno,
	author = {Microchip Atmel},
    title = {megaAVR MCUs},
    month = feb,
    year = {2017},
    howpublished={\url{http://www.atmel.com/devices/ATMEGA328P.aspx}}
}

@misc{eeprom,
	author = {Microchip Atmel},
    title = {Two-wire Serial
EEPROMs},
    month = feb,
    year = {2017},
    howpublished={\url{http://www.atmel.com/Images/doc0670.pdf}}
}

@misc{lora,
	author = {Adafruit},
    title = {Adafruit RFM96W LoRa Radio Transceiver Breakout - 433 MHz},
    month = feb,
    year = {2017},
    howpublished={\url{https://www.adafruit.com/product/3073}}
}

@misc{gopher,
	author = {Garden City Collegiate Space Agency},
    title = {GOPHER SPACE},
    month = feb,
    year = {2017},
    howpublished={\url{http://gopherspace.pbworks.com/w/page/93541286/GOPHER%20SPACE}}
}

@article{greenwade93,
    author  = "George D. Greenwade",
    title   = "The {C}omprehensive {T}ex {A}rchive {N}etwork ({CTAN})",
    year    = "1993",
    journal = "TUGBoat",
    volume  = "14",
    number  = "3",
    pages   = "342--351"
}


