@misc{gopher,
	author = {Garden City Collegiate Space Agency},
    title = {GOPHER SPACE},
    month = feb,
    year = {2017},
    howpublished={\url{http://gopherspace.pbworks.com/w/page/93541286/GOPHER%20SPACE}}
}

@misc{stellenbrau,
	author = {Anon., n.d. Stellenbrau.},
    title = {Stellenbrau Beers},
    month = {20 feb},
    year = {2017},
    howpublished={\url{http://stellenbrau.co.za/pages/our-beers.php}}
}

@article{steyn,
	author = "M.Nicholas, J. \& Steyn, H.",
    title = "Project Managment for Engineering. In: Business and Technology.",
    month = "March",
    year = "2008",
    journal = "New York: Routledge",
    pages = "43, 347"
}

@article{greenwade93,
    author  = "George D. Greenwade",
    title   = "The {C}omprehensive {T}ex {A}rchive {N}etwork ({CTAN})",
    year    = "1993",
    journal = "TUGBoat",
    volume  = "14",
    number  = "3",
    pages   = "342--351"
}


